@article{cofeb-mgo-tmr,
  author  = {Ikeda, S. and Hayakawa, J. and Ashizawa, Y. and Lee, Y. M. and Miura, K. and Hasegawa, H. and Tsunoda, M. and Matsukura, F. and Ohno, H.},
  title   = {Tunnel magnetoresistance of 604\\% at 300K by suppression of Ta diffusion in CoFeB∕MgO∕CoFeB pseudo-spin-valves annealed at high temperature},
  journal = {Applied Physics Letters},
  volume  = {93},
  number  = {8},
  year    = {2008},
  month   = {08},
  issn    = {0003-6951},
  doi     = {10.1063/1.2976435},
  url     = {https://doi.org/10.1063/1.2976435}
}

@book{ferromagnetic,
  author    = {近角聰信},
  publisher = {裳華房},
  title     = {強磁性体の物理（上）},
  year      = {1978}
}

@book{ferromagnetic-2,
  author    = {近角聰信},
  publisher = {裳華房},
  title     = {強磁性体の物理（下）},
  year      = {1978}
}

@article{gmr,
  author  = {M.N. Baibitch and J.M. Broto and A. Fert},
  journal = {Physical Review Letters},
  number  = {21},
  title   = {Giant Magnetoresistance of (001)Fe/(001)Cr Magnetic Superlattices},
  volume  = {61},
  year    = {1988}
}

@article{julliere-model,
  author  = {M. Julliere},
  journal = {Physical Review Letters},
  number  = {3},
  title   = {Tunneling Between Ferromagnetic Films},
  volume  = {54A},
  year    = {1975}
}

@article{kaiju,
  author  = {海住 秀生 and 長浜 太郎},
  journal = {電気学会論文誌 A},
  number  = {5},
  title   = {トンネル磁気キャパシタンス効果の原理と新たな展開},
  volume  = {141},
  year    = {2020}
}

@article{ksuwik-2017,
  doi       = {10.1088/1361-648X/aa834d},
  url       = {https://dx.doi.org/10.1088/1361-648X/aa834d},
  year      = {2017},
  month     = {sep},
  publisher = {IOP Publishing},
  volume    = {29},
  number    = {43},
  pages     = {435803},
  author    = {Piotr Kuświk and Hubert Głowiński and Emerson Coy and Janusz Dubowik and Feliks Stobiecki},
  title     = {Perpendicularly magnetized Co20Fe60B20 layer sandwiched between Au with low Gilbert damping},
  journal   = {Journal of Physics: Condensed Matter}
}

@article{magnetic-domain,
  author  = {P.Weiss,},
  journal = {Journal of Theoretical and Applied Physics},
  number  = {1},
  title   = {L'hypothèse du champ moléculaire et la propriété ferromagnétique},
  volume  = {6},
  year    = {1907}
}

@article{tmr,
  author  = {T. Miyazaki and N. Tezuka},
  journal = {Journal of Magnetism and Magnetic Materials},
  title   = {Giant magnetic tunneling effect in Fe/Al2O3/Fe junction},
  volume  = {139},
  year    = {1994}
}

@misc{tmr-aist,
  author = {産総研},
  url    = {https://www.aist.go.jp/aist_j/press_release/pr2004/pr20040907/pr20040907.html},
  title  = {世界最高性能TMR(トンネル磁気抵抗)素子の量産技術を開発},
  year   = {2004}
}

@article{tmr-mgo,
  author  = {S. S. P. Parkin and C. Kaiser and A. Panchula},
  journal = {Nature Materials},
  number  = {3},
  title   = {Giant tunnelling magnetoresistance at room temperature with MgO (100) tunnel barriers},
  year    = {2004}
}
